@book{ademe,
    title = {La chaleur fatale},
    author = {ADEME},
    year = {2017},
    month = {Septembre}
}

@article{NP, 
	title ={Computational complexity of heat exchanger network synthesis}, 
	author = {Kevin C. Furman and Nikolaos V. Sahinidis}, 
	journal = {Computers and Chemical Engineering},
	pages = {1371 - 1390},
	year = {2001}, 
	month = {Février}
} 

@article{google, 
	title ={Neural combinatorial optimization with reinforcement learning}, 
	author = {Irwan Bello and Hieu Pham and Quoc V.Le andMohammad Norouzi and Samy Bengio}, 
	journal = {Conference Paper},
	year = {2017}, 
	month = {Janvier}
} 

@Misc{echchal,
  author =       {Wallonie Energie},
  title =        {Différents types d'échangeurs de chaleur},
  howpublished = {https://energie.wallonie.be/fr/differents-types-d-echangeurs-de-chaleurs.html?IDC=8049\&IDD=97759},
  year =         {Mis à jour le 08 avril 2015},
}
@Misc{gridW,
  author =       {Michael Tinsley},
  title =        {GridWorld with Q-learning Reinforcement Learning},
  howpublished = {https://github.com/michaeltinsley/Gridworld-with-Q-Learning-Reinforcement-Learning-},
  year =         {23 février 2018},
}
